<?xml version="1.0" encoding="UTF-8"?><collection xmlns="http://www.loc.gov/MARC21/slim"><record><leader>00387nam--2200145-i-4500</leader><controlfield tag="001">000017538</controlfield><controlfield tag="002">20161230</controlfield><controlfield tag="005">20161230201032</controlfield><controlfield tag="008">060222s1000------------r-----000-0-eng-d</controlfield><datafield ind1=" " ind2=" " tag="080"><subfield code="a">51(091)</subfield></datafield><datafield ind1=" " ind2=" " tag="100"><subfield code="a">Andonie, George St</subfield></datafield><datafield ind1=" " ind2=" " tag="245"><subfield code="a">Istoria matematicii in romania. vol. 3</subfield></datafield><datafield ind1=" " ind2=" " tag="260"><subfield code="a">Bucuresti, Editura Stiintifica, 1965-1967 515 P</subfield></datafield><datafield ind1=" " ind2=" " tag="852"><subfield code="a">22607</subfield></datafield><datafield ind1=" " ind2=" " tag="CAT"><subfield code="a">Sys</subfield><subfield code="c">20080505</subfield><subfield code="h">115936</subfield></datafield></record></collection>